% This file was created with JabRef 2.10b2.
% Encoding: UTF-8

@inproceedings{durumeric2014matter,
  title={The matter of heartbleed},
  author={Durumeric, Zakir and Li, Frank and Kasten, James and Amann, Johanna and Beekman, Jethro and Payer, Mathias and Weaver, Nicolas and Adrian, David and Paxson, Vern and Bailey, Michael and others},
  booktitle={Proceedings of the 2014 conference on internet measurement conference},
  pages={475--488},
  year={2014},
  organization={ACM}
}

@misc{dynamicinstrumentationusage,
  title={BINARY INSTRUMENTATION FOR SECURITY PROFESSIONALS},
  author={GAL DISKIN and Intel},
  howpublished={\url{https://media.blackhat.com/bh-us-11/Diskin/BH_US_11_Diskin_Binary_Instrumentation_Slides.pdf}},
  year={2011}
}

@inproceedings{nethercote2007valgrind,
  title={Valgrind: a framework for heavyweight dynamic binary instrumentation},
  author={Nethercote, Nicholas and Seward, Julian},
  booktitle={ACM Sigplan notices},
  volume={42},
  number={6},
  pages={89--100},
  year={2007},
  organization={ACM}
}

@inproceedings{bruening2003infrastructure,
  title={An infrastructure for adaptive dynamic optimization},
  author={Bruening, Derek and Garnett, Timothy and Amarasinghe, Saman},
  booktitle={International Symposium on Code Generation and Optimization, 2003. CGO 2003.},
  pages={265--275},
  year={2003},
  organization={IEEE}
}

@misc{fridaframework,
  title={Testing interoperability with closed-source software through scriptable diplomacy},
  author={Karl Trygve Kalleberg and Ole André Vadla Ravnås},
  note={(FOSDEM  ’16)},
  year = {2016}
}

@misc{nsaghidra,
  title={Ghidra},
  author={National Security Agency ghidra, NSA},
  howpublished={\url{https://www.nsa.gov/resources/everyone/ghidra/}},
  year={2019}
}

@misc{radare2,
  title={Radare2},
  author={radare},
  howpublished={\url{https://www.radare.org/r/index.html}},
  year={2019}
}

@misc{binaryninja,
  title={Binary ninja},
  author={binaryninja},
  howpublished={\url{https://binary.ninja}},
  year={2019}
}

@misc{hopper,
  title={Hopper},
  author={hopperapp},
  howpublished={\url{https://www.hopperapp.com}},
  year={2019}
}

@misc{idapro,
  title={IDA pro},
  author={hex-rays},
  howpublished={\url{https://www.hex-rays.com/products/ida/index.shtml}},
  year={2019}
}

@article{eager2007introduction,
  title={Introduction to the DWARF debugging format},
  author={Eager, Michael J and others},
  journal={Group},
  year={2007}
}

@book{srivastava1994atom,
  title={ATOM: A system for building customized program analysis tools},
  author={Srivastava, Amitabh and Eustace, Alan},
  volume={29},
  number={6},
  year={1994},
  publisher={ACM}
}

@inproceedings{luk2005pin,
  title={Pin: building customized program analysis tools with dynamic instrumentation},
  author={Luk, Chi-Keung and Cohn, Robert and Muth, Robert and Patil, Harish and Klauser, Artur and Lowney, Geoff and Wallace, Steven and Reddi, Vijay Janapa and Hazelwood, Kim},
  booktitle={Acm sigplan notices},
  volume={40},
  number={6},
  pages={190--200},
  year={2005},
  organization={ACM}
}

@misc{intelpinuserguide,
  title={PIN user guide},
  author={Intel},
  howpublished={\url{https://software.intel.com/sites/landingpage/pintool/docs/97619/Pin/html}},
  year={2019}
}

@misc{cwe121,
  title={CWE-121 - Stack based buffer overflow},
  author={CWE-121},
  howpublished={\url{https://cwe.mitre.org/data/definitions/121.html}},
  year={2019}
}

@misc{cwe122,
  title={CWE-122 - Stack based buffer overflow},
  author={CWE-122},
  howpublished={\url{https://cwe.mitre.org/data/definitions/122.html}},
  year={2019}
}

@misc{cwe415,
  title={CWE-415 - double free},
  author={CWE-415},
  howpublished={\url{https://cwe.mitre.org/data/definitions/415.html}},
  year={2019}
}

@misc{cwe416,
  title={CWE-416 - use after free},
  author={CWE-416},
  howpublished={\url{https://cwe.mitre.org/data/definitions/416.html}},
  year={2019}
}

@misc{aslr,
  title={Pax ASLR: Address Space Randomization},
  author={Pax},
  howpublished={\url{https://pax.grsecurity.net/docs/aslr.txt}},
  year={2019}
}

@inproceedings{strackx2009breaking,
  title={Breaking the memory secrecy assumption},
  author={Strackx, Raoul and Younan, Yves and Philippaerts, Pieter and Piessens, Frank and Lachmund, Sven and Walter, Thomas},
  booktitle={Proceedings of the Second European Workshop on System Security},
  pages={1--8},
  year={2009},
  organization={ACM}
}

@inproceedings{Shacham:2004:EAR:1030083.1030124,
 author = {Shacham, Hovav and Page, Matthew and Pfaff, Ben and Goh, Eu-Jin and Modadugu, Nagendra and Boneh, Dan},
 title = {On the Effectiveness of Address-space Randomization},
 booktitle = {Proceedings of the 11th ACM Conference on Computer and Communications Security},
 series = {CCS '04},
 year = {2004},
 isbn = {1-58113-961-6},
 location = {Washington DC, USA},
 pages = {298--307},
 numpages = {10},
 url = {http://doi.acm.org/10.1145/1030083.1030124},
 doi = {10.1145/1030083.1030124},
 acmid = {1030124},
 publisher = {ACM},
 address = {New York, NY, USA},
 keywords = {address-space randomization, automated attacks, diversity},
} 

@inproceedings{6547101,
author={L. {Szekeres} and M. {Payer} and T. {Wei} and D. {Song}},
booktitle={2013 IEEE Symposium on Security and Privacy},
title={SoK: Eternal War in Memory},
year={2013},
volume={},
number={},
pages={48-62},
keywords={program debugging;security of data;software reliability;storage management;SoK;computer security;memory corruption bugs;memory corruption attacks;protection techniques;protection mechanisms;Computer bugs;Safety;Security;Programming;Arrays;Aerospace electronics;Memory management},
doi={10.1109/SP.2013.13},
ISSN={1081-6011},
month={May},}

@misc{memsafetydef,
  title={What is memory safety?},
  author={Michael Hicks},
  howpublished={\url{http://www.pl-enthusiast.net/2014/07/21/memory-safety}},
  year={2014}
}

@misc{memsafetymatpayer,
  title={Memory safety},
  author={Mathias Payer},
  howpublished={\url{https://nebelwelt.net/teaching/17-527-SoftSec/slides/02-memory_safety.pdf}},
  year={2017}
}

@article{nagarakatte2009softbound,
  title={SoftBound: Highly compatible and complete spatial memory safety for C},
  author={Nagarakatte, Santosh and Zhao, Jianzhou and Martin, Milo MK and Zdancewic, Steve},
  journal={ACM Sigplan Notices},
  volume={44},
  number={6},
  pages={245--258},
  year={2009},
  publisher={ACM}
}

@misc{ghidrainstallation,
  title={Ghidra Installation Guide},
  author={ghidra-sre.org},
  howpublished={\url{https://ghidra-sre.org/InstallationGuide.html}},
  year={2019}
}

@article{black2017sard,
  title={SARD: Thousands of reference programs for software assurance},
  author={Black, Paul E},
  journal={Journal of Cyber Security and Information Systems-Tools \& Testing Techniques for Assured Software-DoD Software Assurance Community of Practice},
  volume={2},
  pages={5},
  year={2017}
}

@misc{cwe119,
  title={CWE-119 - Improper Restriction of Operations within the Bounds of a Memory Buffer},
  author={CWE-119},
  howpublished={\url{https://cwe.mitre.org/data/definitions/119.html}},
  year={2019}
}

@misc{2019cwetop25,
  title={2019 CWE Top 25 Most Dangerous Software Errors},
  author={cwe.mitre.org},
  howpublished={\url{https://cwe.mitre.org/top25/archive/2019/2019_cwe_top25.html}},
  year={2019}
}

@misc{sardcite,
  title={NIST Juliet Test Suite for C/C++},
  author={SAMATE - Software Assurance Metrics and Tool Evaluation},
  howpublished={\url{https://samate.nist.gov/SRD/testsuite.php}},
  year={2010}
}

@article{Spafford:1989:IWP:66093.66095,
 author = {Spafford, Eugene H.},
 title = {The Internet Worm Program: An Analysis},
 journal = {SIGCOMM Comput. Commun. Rev.},
 issue_date = {Jan. 1989},
 volume = {19},
 number = {1},
 month = jan,
 year = {1989},
 issn = {0146-4833},
 pages = {17--57},
 numpages = {41},
 url = {http://doi.acm.org/10.1145/66093.66095},
 doi = {10.1145/66093.66095},
 acmid = {66095},
 publisher = {ACM},
 address = {New York, NY, USA},
}

@inproceedings{jones1997backwards,
  title={Backwards-compatible bounds checking for arrays and pointers in C programs},
  author={Jones, Richard WM and Kelly, Paul HJ},
  booktitle={Proceedings of the 3rd International Workshop on Automatic Debugging; 1997 (AADEBUG-97)},
  number={001},
  pages={13--26},
  year={1997},
  organization={Link{\"o}ping University Electronic Press}
}

@inproceedings{dhurjati2006backwards,
  title={Backwards-compatible array bounds checking for C with very low overhead},
  author={Dhurjati, Dinakar and Adve, Vikram},
  booktitle={Proceedings of the 28th international conference on Software engineering},
  pages={162--171},
  year={2006},
  organization={ACM}
}

@inproceedings{dhurjati2006safecode,
  title={SAFECode: enforcing alias analysis for weakly typed languages},
  author={Dhurjati, Dinakar and Kowshik, Sumant and Adve, Vikram},
  booktitle={ACM SIGPLAN Notices},
  volume={41},
  number={6},
  pages={144--157},
  year={2006},
  organization={ACM}
}

@inproceedings{lattner2005automatic,
  title={Automatic pool allocation: improving performance by controlling data structure layout in the heap},
  author={Lattner, Chris and Adve, Vikram},
  booktitle={ACM Sigplan Notices},
  volume={40},
  number={6},
  pages={129--142},
  year={2005},
  organization={ACM}
}

@inproceedings{ruwase2004practical,
  title={A Practical Dynamic Buffer Overflow Detector.},
  author={Ruwase, Olatunji and Lam, Monica S},
  booktitle={NDSS},
  volume={2004},
  pages={159--169},
  year={2004}
}

@inproceedings{akritidis2009baggy,
  title={Baggy Bounds Checking: An Efficient and Backwards-Compatible Defense against Out-of-Bounds Errors.},
  author={Akritidis, Periklis and Costa, Manuel and Castro, Miguel and Hand, Steven},
  booktitle={USENIX Security Symposium},
  pages={51--66},
  year={2009}
}

@inproceedings{Hasabnis:2012:LBC:2259016.2259034,
 author = {Hasabnis, Niranjan and Misra, Ashish and Sekar, R.},
 title = {Light-weight Bounds Checking},
 booktitle = {Proceedings of the Tenth International Symposium on Code Generation and Optimization},
 series = {CGO '12},
 year = {2012},
 isbn = {978-1-4503-1206-6},
 location = {San Jose, California},
 pages = {135--144},
 numpages = {10},
 url = {http://doi.acm.org/10.1145/2259016.2259034},
 doi = {10.1145/2259016.2259034},
 acmid = {2259034},
 publisher = {ACM},
 address = {New York, NY, USA},
}

@article{Necula:2002:CTR:565816.503286,
 author = {Necula, George C. and McPeak, Scott and Weimer, Westley},
 title = {CCured: Type-safe Retrofitting of Legacy Code},
 journal = {SIGPLAN Not.},
 issue_date = {Jan. 2002},
 volume = {37},
 number = {1},
 month = jan,
 year = {2002},
 issn = {0362-1340},
 pages = {128--139},
 numpages = {12},
 url = {http://doi.acm.org/10.1145/565816.503286},
 doi = {10.1145/565816.503286},
 acmid = {503286},
 publisher = {ACM},
 address = {New York, NY, USA},
}

@inproceedings{Jim:2002:CSD:647057.713871,
 author = {Jim, Trevor and Morrisett, J. Greg and Grossman, Dan and Hicks, Michael W. and Cheney, James and Wang, Yanling},
 title = {Cyclone: A Safe Dialect of C},
 booktitle = {Proceedings of the General Track of the Annual Conference on USENIX Annual Technical Conference},
 series = {ATEC '02},
 year = {2002},
 isbn = {1-880446-00-6},
 pages = {275--288},
 numpages = {14},
 url = {http://dl.acm.org/citation.cfm?id=647057.713871},
 acmid = {713871},
 publisher = {USENIX Association},
 address = {Berkeley, CA, USA},
}

@inproceedings{devietti2008hardbound,
  title={Hardbound: architectural support for spatial safety of the C programming language},
  author={Devietti, Joe and Blundell, Colin and Martin, Milo MK and Zdancewic, Steve},
  booktitle={ACM SIGARCH Computer Architecture News},
  volume={36},
  number={1},
  pages={103--114},
  year={2008},
  organization={ACM}
}

@book{austin1994efficient,
  title={Efficient detection of all pointer and array access errors},
  author={Austin, Todd M and Breach, Scott E and Sohi, Gurindar S},
  volume={29},
  number={6},
  year={1994},
  publisher={ACM}
}

@inproceedings{patil1995efficient,
  title={Efficient Run-time Monitoring Using Shadow Processing.},
  author={Patil, Harish and Fischer, Charles N},
  booktitle={AADEBUG},
  volume={95},
  pages={1--14},
  year={1995}
}

@inproceedings{yong2003protecting,
  title={Protecting C programs from attacks via invalid pointer dereferences},
  author={Yong, Suan Hsi and Horwitz, Susan},
  booktitle={ACM SIGSOFT Software Engineering Notes},
  volume={28},
  number={5},
  pages={307--316},
  year={2003},
  organization={ACM}
}

@article{xu2004efficient,
  title={An efficient and backwards-compatible transformation to ensure memory safety of C programs},
  author={Xu, Wei and DuVarney, Daniel C and Sekar, R},
  journal={ACM SIGSOFT Software Engineering Notes},
  volume={29},
  number={6},
  pages={117--126},
  year={2004},
  publisher={ACM}
}

@inproceedings{nagarakatte2012watchdog,
  title={Watchdog: Hardware for safe and secure manual memory management and full memory safety},
  author={Nagarakatte, Santosh and Martin, Milo MK and Zdancewic, Steve},
  booktitle={2012 39th Annual International Symposium on Computer Architecture (ISCA)},
  pages={189--200},
  year={2012},
  organization={IEEE}
}

@inproceedings{nagarakatte2014watchdoglite,
  title={Watchdoglite: Hardware-accelerated compiler-based pointer checking},
  author={Nagarakatte, Santosh and Martin, Milo MK and Zdancewic, Steve},
  booktitle={Proceedings of Annual IEEE/ACM International Symposium on Code Generation and Optimization},
  pages={175},
  year={2014},
  organization={ACM}
}

@article{simpson2013memsafe,
  title={MemSafe: ensuring the spatial and temporal memory safety of C at runtime},
  author={Simpson, Matthew S and Barua, Rajeev K},
  journal={Software: Practice and Experience},
  volume={43},
  number={1},
  pages={93--128},
  year={2013},
  publisher={Wiley Online Library}
}

@inproceedings{Das:2019:SRP:3316482.3326356,
 author = {Das, Sourav and Unnithan, R. Harikrishnan and Menon, Arjun and Rebeiro, Chester and Veezhinathan, Kamakoti},
 title = {SHAKTI-MS: A RISC-V Processor for Memory Safety in C},
 booktitle = {Proceedings of the 20th ACM SIGPLAN/SIGBED International Conference on Languages, Compilers, and Tools for Embedded Systems},
 series = {LCTES 2019},
 year = {2019},
 isbn = {978-1-4503-6724-0},
 location = {Phoenix, AZ, USA},
 pages = {19--32},
 numpages = {14},
 url = {http://doi.acm.org/10.1145/3316482.3326356},
 doi = {10.1145/3316482.3326356},
 acmid = {3326356},
 publisher = {ACM},
 address = {New York, NY, USA},
 keywords = {Buffer Overflows, Dangling Pointers, Memory Safety, Secure Microprocessor, Shakti, Spatial Attacks, Temporal Attacks},
}

@inproceedings{serebryany2012addresssanitizer,
  title={AddressSanitizer: A fast address sanity checker},
  author={Serebryany, Konstantin and Bruening, Derek and Potapenko, Alexander and Vyukov, Dmitriy},
  booktitle={Presented as part of the 2012 $\{$USENIX$\}$ Annual Technical Conference ($\{$USENIX$\}$$\{$ATC$\}$ 12)},
  pages={309--318},
  year={2012}
}

@inproceedings{kuznetsov2014code,
  title={Code-pointer integrity},
  author={Kuznetsov, Volodymyr and Szekeres, L{\'a}szl{\'o} and Payer, Mathias and Candea, George and Sekar, R and Song, Dawn},
  booktitle={11th $\{$USENIX$\}$ Symposium on Operating Systems Design and Implementation ($\{$OSDI$\}$ 14)},
  pages={147--163},
  year={2014}
}

@article{nagarakatte2010cets,
  title={CETS: compiler enforced temporal safety for C},
  author={Nagarakatte, Santosh and Zhao, Jianzhou and Martin, Milo MK and Zdancewic, Steve},
  journal={ACM Sigplan Notices},
  volume={45},
  number={8},
  pages={31--40},
  year={2010},
  publisher={ACM}
}

@inproceedings{nagarakatte2015everything,
  title={Everything you want to know about pointer-based checking},
  author={Nagarakatte, Santosh and Martin, Milo MK and Zdancewic, Steve},
  booktitle={1st Summit on Advances in Programming Languages (SNAPL 2015)},
  year={2015},
  organization={Schloss Dagstuhl-Leibniz-Zentrum fuer Informatik}
}

@article{oleksenko2017intel,
  title={Intel MPX explained: An empirical study of intel MPX and software-based bounds checking approaches},
  author={Oleksenko, Oleksii and Kuvaiskii, Dmitrii and Bhatotia, Pramod and Felber, Pascal and Fetzer, Christof},
  journal={arXiv preprint arXiv:1702.00719},
  year={2017}
}